@BOOK{aAgarwal:saotd,
	AUTHOR = "Apoorv Agarwal and Boyi Xie and Ilia Vovsha and Owen Rambow and 	Rebecca Passonneau",
	TITLE = "Sentiment analysis of Twitter data",
	JOURNAL = {LSM'11 Proceedings of the Workshop on Languages in Social Media},
	PUBLISHER = "LSM ",
	PAGES = {30-38},
	MONTH = "June",
	YEAR = {2011}	}

@BOOK{bTumasjan:pewt,
	AUTHOR = "Andranik Tumasjan and Timm O. Sprenger and Philipp G. Sandner and Isabell M. Welpe",
	TITLE = "Predicting Elections with Twitter: What 140 Characters Reveal about Political Sentiment",
	JOURNAL = {4th Int'l AAAI Conference on Weblogs and Social Media},
	PUBLISHER = "AAAI ",
	MONTH = "May",
	YEAR = {2010}	}

@BOOK{cJoachims:tcwsvm,
	AUTHOR = "Thorsten Joachims",
	TITLE = " Text Categorization with Support Vector Machines: Learning with Many Relevant Features",
	JOURNAL = {European Conference on Machine Learning (ECML)},
	PUBLISHER = "Springer Berlin/Heidelberg ",
	PAGES = {137-142},
	YEAR = {1998}	}

@BOOK{dPak:tacfsaaom,
	AUTHOR = "Alexander Pak and Patrick Paroubek",
	TITLE = " Twitter as a Corpus for Sentiment Analysis and Opinion Mining",
	JOURNAL = {Conference: Proceedings of the International Conference on Language Resources and Evaluation, LREC 2010},
	PUBLISHER = "DBLP",
	PAGES = {17-23},
	MONTH = "May",
	YEAR = {2010}	}

@BOOK{wang:asfrttsa,
	AUTHOR = "Hao Wang and Dogan Can and 	Abe Kazemzadeh and Fran√ßois Bar and 	Shrikanth Narayanan",
	TITLE = " A system for real-time Twitter sentiment analysis of 2012 U.S. presidential election cycle",
	PUBLISHER = "Proceedings of the ACL 2012 System Demonstrations",
	PAGES = {115-120},
	MONTH = "July",
	YEAR = {2012}	}

@BOOK{shamma:ttducaous,
	AUTHOR = "David A. Shamma and Lyndon Kennedy and 	Elizabeth F. Churchill",
	TITLE = " Tweet the debates: understanding community annotation of uncollected sources",
	PUBLISHER = "Proceedings of the first SIGMM workshop on Social media",
	PAGES = {3-10},
	MONTH = "October",
	YEAR = {2009}	}

@ARTICLE{ aaSides:dpdrm
	AUTHOR = "John Sides",
	TITLE = " Do Presidential Debates Really Matter?",
	PUBLISHER = "Washington Monthly",
	MONTH = "October",
	YEAR = {2012} }

@ARTICLE{ bplanet:tfvta
	AUTHOR = "brightPlanet",
	TITLE = " https://brightplanet.com/2013/06/twitter-firehose-vs-twitter-api-whats-the-difference-and-why-should-you-care/"	}

@ARTICLE{ jenny:wihsmthos
	AUTHOR = "Jenny Q. Ta ",
	TITLE = " What Impact Has Social Media Truly Had On Society",
	PUBLISHER = "business2community",
	MONTH = "August",
	YEAR = {2014} }

@ARTICLE{ nltk:nltkdoc
	AUTHOR = "NLTK ",
	TITLE = " http://www.nltk.org/" }

@ARTICLE{ wiki:wikipedia
	AUTHOR = "Wikipedia ",
	TITLE = " https://en.wikipedia.org/wiki/Twitter" }

@ARTICLE{ tapi:twitterapi
	AUTHOR = "Twitter API ",
	TITLE = " https://dev.twitter.com/streaming/overview" }

@ARTICLE{ ppdn:pythonprog
	AUTHOR = "Python Programming ",
	TITLE = " https://pythonprogramming.net/" }

@ARTICLE{ plotly:graphplot
	AUTHOR = "Plotly ",
	TITLE = " https://plot.ly/" }

@ARTICLE{ metabase:mbdb
	AUTHOR = "Metabase ",
	TITLE = " https://metabase.com/" }

@ARTICLE{ sklearn:skikit
	AUTHOR = "SK Learn ",
	TITLE = " http://scikit-learn.org/" }

@ARTICLE{ pang:spdmrd
	AUTHOR = "Bo Pang and Lillian Lee ",
	TITLE = "https://www.cs.cornell.edu/people/pabo/movie-review-data/" }

